@misc{rfc2616,
  author="R. Fielding and J. Gettys and J. Mogul and H. Frystyk and L. Masinter and P. Leach and T.       Berners-Lee",
  title="{Hypertext Transfer Protocol -- HTTP/1.1}",
  series="Request for Comments",
  number="2616",
  howpublished="RFC 2616 (Draft Standard)",
  publisher="IETF",
  organization="Internet Engineering Task Force",
  year=1999,
  month=jun,
  note="Updated by RFCs 2817, 5785",
  url="http://www.ietf.org/rfc/rfc2616.txt",
}

